@article{Shahbaba2011,
author="Shahbaba, B and Shachaf, C M and Yu, Z",
title="A pathway analysis method for genome-wide association studies",
journal="Statistics in Medicine",
year="2012",
volume="31",
pages="988-1000"
}

@book{Efron1994,
author="Efron, B.
and Tibshirani, R.",
title="An Introduction to the Bootstrap (Chapman {\&} Hall/CRC Monographs on Statistics {\&} Applied Probability)",
year="1994",
publisher="Chapman and Hall/CRC",
address="London"
}

@manual{Rmanual,
    title = {R: A Language and Environment for Statistical Computing},
    author = {{R Core Team}},
    organization = {R Foundation for Statistical Computing},
    address = {Vienna, Austria},
    year = {2013},
    url = {http://www.R-project.org/},
  }


@article{Subramanian2005gene,
  title={Gene set enrichment analysis: a knowledge-based approach for interpreting genome-wide expression profiles},
  author={Subramanian, Aravind and Tamayo, Pablo and Mootha, Vamsi K and Mukherjee, Sayan and Ebert, Benjamin L and Gillette, Michael A and Paulovich, Amanda and Pomeroy, Scott L and Golub, Todd R and Lander, Eric S and others},
  journal={Proceedings of the National Academy of Sciences},
  volume={102},
  number={43},
  pages={15545--15550},
  year={2005},
  publisher={National Acad Sciences}
}


@article{Morgan2018,
   author = {Michael Morgan and Neena Thota and Matthew Butler and Jane Sinclair},
   doi = {10.1145/3197091.3197092},
   isbn = {9781450357074},
   issn = {1942647X},
   journal = {Annual Conference on Innovation and Technology in Computer Science Education, ITiCSE},
   keywords = {Computing education,Higher education,Student engagement},
   month = {7},
   pages = {284-289},
   publisher = {Association for Computing Machinery},
   title = {How CS academics view student engagement},
   url = {https://doi.org/10.1145/3293881.3295777},
   year = {2018},
}

@misc{lstlistingdoc,
    author = {Wikibooks contributors},
    howpublished = "\url{https://en.wikibooks.org/wiki/LaTeX/Source_Code_Listings}",
    title = {{LaTeX/Source Code Listings}},
    year = "2023",
    note = "[Ãºltimo acceso 13-02-2024]"
}
@article{Torraco2005,
   author = {Richard J. Torraco},
   doi = {10.1177/1534484305278283},
   issn = {15344843},
   issue = {3},
   journal = {Human Resource Development Review},
   keywords = {integrative literature review,integrative research review: synthesis,literature review},
   pages = {356-367},
   title = {Writing Integrative Literature Reviews: Guidelines and Examples},
   volume = {4},
   year = {2005},
}

@article{loures2024influence,
  title={The Influence of Affect in Help-Seeking Behaviors and Performance in a Math Intelligent Tutoring System},
  author={Loures-Elias, Ana Paula S and Bernacki, Matthew L},
  year={2024},
  publisher={IntechOpen}
}


